@article{delaTour1822,
    author  = {Cagniard deLaTour}, 
    title   = {Expos\'e de Quelques R\'esultats obtenus par l'action combin\'ee
               de la Chaleur et de la Compression sur certains Liquides, tels que
               l'eau, l'alcool, l'ether sulfurique et l'essence de p\'etrole
               rectifi\'ee.},
    journal = {Annales de Chimie et de Physique},
    volume  = {21},
    number  = {},
    year    = {1822},
    pages   = {127-132},
}


@article{Andrews1869,
    author  = {Thomas Andrews},
    title   = {Bakerian Lecture: On the Continuity of the Gaseous and Liquid
               States of Matter.},
    journal = {Proceedings of the Royal Society of London},
    volume  = {18},
    number  = {},
    pages   = {42-45},
    year    = {1869},
}


@book{Curie1895,
    author    = {Pierre Curie}, 
    title     = {Propri\'et\'es magn\'etiques des corps \`a diverses
                 temp\'eratures},
    publisher = {Gauthier-Villars et fils},
    year      = {1895},
    address   = {Paris},
}


@article{Stanley1999,
    title   = {Scaling, universality, and renormalization: Three pillars
               of modern critical phenomena},
    author  = {Stanley, H. Eugene},
    journal = {Review of Modern Physics},
    volume  = {71},
    issue   = {2},
    pages   = {S358--S366},
    year    = {1999},
}

@book{Gibbs1906,
    author    = {Josiah Willard Gibbs}, 
    title     = {Elementary Principles in Statistical Mechanics},
    publisher = {Charles Scribner's Sons},
    year      = {1906},
    address   = {New York},
}


@article{Onsager1944,
    title   = {Crystal Statistics. I. A Two-Dimensional Model with an
               Order-Disorder Transition},
    author  = {Onsager, Lars},
    journal = {Physical Review},
    volume  = {65},
    issue   = {3-4},
    pages   = {117--149},
    year    = {1944},
}

@article{Ising1925,
    author   = {Ising, Ernst},
    title    = {Beitrag zur Theorie des Ferromagnetismus},
    journal  = {Zeitschrift f{\"u}r Physik},
    volume   = {31},
    number   = {1},
    pages    = {253--258},
    year     = {1925},
}


@article{Broadbent1957,
    author  = {Broadbent,S. R. and Hammersley,J. M.},
    title   = {Percolation processes},
    journal = {Mathematical Proceedings of the Cambridge Philosophical Society},
    volume  = {53},
    issue   = {03},
    year    = {1957},
    pages   = {629--641},
}


@book{Stanley1971,
    author    = {H Eugene Stanley}, 
    title     = {Introduction to Phase Transitions and Critical Phenomena},
    publisher = {Clarendon Press},
    year      = {1971},
    address   = {Oxford},
}


@article{Kadanoff1966,
    author  = {L.P. Kadanoff},
    title   = {Scaling laws for Ising models near $T_c$},
    journal = {Physics},
    volume  = {2},
    number  = {6},
    year    = {1966},
    pages   = {263},
}


@article{Belavin1984,
    author  = {A.A. Belavin and A.M. Polyakov and A.B. Zamolodchikov},
    title   = {Infinite conformal symmetry in two-dimensional quantum field
               theory},
    journal = {Nuclear Physics B},
    volume  = {241},
    number  = {2},
    pages   = {333 - 380},
    year    = {1984},
}


@book{Henkel2013,
    title     = {Conformal invariance and critical phenomena},
    author    = {Henkel, Malte},
    year      = {2013},
    publisher = {Springer Science \& Business Media},
    address   = {New York},
}


@book{Christensen2005,
    title     = {Complexity and Criticality},
    author    = {Christensen, K. and Moloney, N.R.},
    year      = {2005},
    publisher = {Imperial College Press},
    address   = {London},
}


@article{Bak1987,
    author  = {Bak, Per and Tang, Chao and Wiesenfeld, Kurt},
    title   = {Self-organized criticality: An explanation of the
               1/\textit{f} noise},
    journal = {Physical Review Letters},
    volume  = {59},
    issue   = {4},
    pages   = {381--384},
    year    = {1987},
}



@article{Langlands1994,
    author  = {Robert Langlands and Philippe Pouliot and Yvan Saint-Aubin},
    title   = {Conformal Invariance in Two-Dimensional Percolation},
    journal = {Bulletin of the American Mathematical Society},
    volume  = {30},
    issue   = {1},
    pages   = {1--61},
    year    = {1994},
}

@article{Loewner1923,
    title   = {Untersuchungen {\"u}ber schlichte konforme Abbildungen des
               Einheitskreises. I},
    author  = {L{\"o}wner, Karl},
    journal = {Mathematische Annalen},
    volume  = {89},
    number  = {1},
    pages   = {103--121},
    year    = {1923},
}


@article {Mackenzie2006,
    author  = {Mackenzie, Dana},
    title   = {Perelman Declines Math{\textquoteright}s Top Prize; Three Others
               Honored in Madrid},
    volume  = {313},
    number  = {5790},
    pages   = {1027--1028},
    year    = {2006},
    journal = {Science}
}

@conference{Kesten2010,
    author     = {H. Kesten},
    booktitle  = {Proceedings of the International Congress of
                  Mathematicians Hyderabad, India, 2010},
    title      = {The work of Stanislav Smirnov},
    year       = {2010},
    editor     = {R. Bhatia},
    volume     = {1},
    address    = {New Delhi},
    pages      = {73--84},
    publisher  = {Hindustan Book Agency},
} 


@article{Schramm2000,
    author  = {Schramm, Oded},
    title   = {Scaling limits of loop-erased random walks and uniform spanning
               rees},
    journal = {Israel Journal of Mathematics},
    volume  = {118},
    year    = {2000},
    number  = {1},
    pages   = {221--288},
}


@article{Cardy2005,
    author  = {John Cardy},
    title   = {SLE for theoretical physicists},
    journal = {Annals of Physics},
    volume  = {318},
    number  = {1},
    pages   = {81--118},
    year    = {2005},
}


@article{Henkel1994,
    author  = {Henkel, Malte},
    title   = {Schr\"odinger invariance and strongly anisotropic critical systems},
    journal = {Journal of Statistical Physics},
    volume  = {75},
    number  = {5},
    year    = {1994},
    pages   = {1023--1061},
}


@book{Sole2011,
    title     = {Phase Transitions},
    author    = {Ricard V. Sol\'e},
    year      = {2011},
    publisher = {Princeton University Press},
    address   = {Princeton},
}


@conference{Kadanoff1971,
    author     = {L. P. Kadanoff},
    booktitle  = {Proceedings of the Enrico Fermi Summer School of Physics,
                  Varenna, 1970},
    title      = {},
    year       = {1971},
    editor     = {M. S. Green},
    volume     = {},
    note       = {Course LI},
    address    = {New York},
    pages      = {},
    publisher  = {Academic},
} 


@article{Chiarelli1993,
    author  = {Chiarelli, R. and Novak, M. A. and Rassat, A. and
               Tholence, J. L.},
    title   = {A ferromagnetic transition at 1.48 K in an organic nitroxide},
    journal = {Nature},
    year    = {1993},
    volume  = {363},
    number  = {6425},
    pages   = {147--149},
}

@article{delMonaco2013,
    title   = {Chordal Loewner equation},
    author  = {del Monaco, Andrea and Gumenyuk, Pavel},
    journal = {arXiv preprint arXiv:1302.0898},
    year    = {2013}
}


@Article{Kager2004,
    author  = {Kager, Wouter and Nienhuis, Bernard},
    title   = {A Guide to Stochastic L{\"o}wner Evolution and Its Applications},
    journal = {Journal of Statistical Physics},
    volume  = {115},
    number  = {5},
    year    = {2004},
    pages   = {1149--1229},
}


@book{Ahlfors1979,
    title     = {Complex analysis: an introduction to the theory of analytic
                 functions of one complex variable}, 
    author    = {Lars V. Ahlfors},
    publisher = {McGraw-Hill},
    year      = {1979},
    address   = {Auckland},
}


@book{Comenetz2002,
    title     = {Calculus: The elements}, 
    author    = {Michael Comenetz},
    publisher = {World Scientific},
    year      = {2002},
    address   = {River Edge, NJ},
}


@article{Kello2010,
    author  = {Christopher T. Kello and Gordon D.A. Brown and Ramon
               Ferrer-i-Cancho and John G. Holden and Klaus Linkenkaer-Hansen
               and Theo Rhodes and Guy C. Van Orden},
    title   = {Scaling laws in cognitive sciences},
    journal = {Trends in Cognitive Sciences},
    volume  = {14},
    number  = {5},
    pages   = {223 - 232},
    year    = {2010},
}


@article {Kron2009,
    author  = {Kron, Thomas and Grund, T.},
    title   = {Society as a Self-Organized Critical System},
    journal = {Cybernetics \& Human Knowing},
    volume  = {16},
    number  = {1-2},
    year    = {2009},
    pages   = {65-82},
}


@article{Sole1999,
    author  = {Ricard V. Sol\'e and Susanna C. Manrubia and Michael Benton and
               Stuart Kauffman and Per Bak},
    title   = {Criticality and scaling in evolutionary ecology },
    journal = {Trends in Ecology \& Evolution },
    volume  = {14},
    number  = {4},
    pages   = {156 - 160},
    year    = {1999},
}

@book{Bak1996,
    author    = {Per Bak}, 
    title     = {how nature works, the science of self-organized criticality},
    publisher = {Springer-Verlag},
    year      = {1996},
    address   = {New York},
}


@article{Jaeger1998,
    author  = {Jaeger, Gregg},
    title   = {The Ehrenfest Classification of Phase Transitions: Introduction
               and Evolution},
    journal = {Archive for History of Exact Sciences},
    volume  = {53},
    number  = {1},
    pages   = {51--81},
    year    = {1998},
}

  	
@article{Kosterlitz1973,
    author  = {J M Kosterlitz and D J Thouless},
    title   = {Ordering, metastability and phase transitions in two-dimensional
               systems},
    journal = {Journal of Physics C: Solid State Physics},
    volume  = {6},
    number  = {7},
    pages   = {1181},
    year    = {1973},
}


@book{Katori2016,
    title     =  {Bessel Processes, Schrammâ€“Loewner Evolution, and the Dyson Model},
    author    =  {Makoto Katori},
    publisher =  {Springer},
    address   =  {Singapore},
    year      =  {2016},
    series    =  {SpringerBriefs in Mathematical Physics 11},
    edition   =  {1},
}


@book{Stauffer1994,
    title     = {Introduction to percolation theory},
    author    = {Dietrich Stauffer, Ammon Aharony},
    publisher = {CRC Press},
    address   = {},
    year      = {1994},
    edition   = {2},
}


@article{Lemoult2016,
    author  = {Lemoult, Gregoire and Shi, Liang and Avila, Kerstin and
               Jalikop, Shreyas V. and Avila, Marc and Hof, Bjorn},
    title   = {Directed percolation phase transition to sustained turbulence
               in Couette flow},
    journal = {Nature Physics},
    year    = {2016},
    volume  = {12},
    number  = {3},
    pages   = {254--258},
}

@book{Callen1985,
    title     = {Thermodynamics and an Introduction to Thermostatistics},
    author    = {Herbert B. Callen},
    publisher = {Wiley},
    year      = {1985},
    address   = {Singapore},
    edition   = {2nd},
}


@article{Resnick1981,
    title     =  {Kosterlitz-Thouless Transition in Proximity-Coupled
                  Superconducting Arrays},
    author    =  {Resnick, D. J. and Garland, J. C. and Boyd, J. T. and
                  Shoemaker, S. and Newrock, R. S.},
    journal   =  {Physical Review Letters},
    volume    =  {47},
    issue     =  {21},
    pages     =  {1542--1545},
    year      =  {1981},
}

@book{Landau1969,
    title     = {Statistical physics Part 1},
    author    = {L. D. Landau and E. M. Lifshitz.},
    publisher = {Pergamon},
    address   = {Oxford},
    year      = {1969},
    series    = {Course of Theoretical Physics},
    edition   = {3},
    volume    = {5},
}


@article{Araujo2013,
    author  = {ARA\'UJO, E. B. and MOREIRA, A. A. and HERRMANN, H. J. and DA
               SILVA, L. R. and ANDRADE, J. S.},
    title   = {GEOMETRICAL AND TRANSPORT PROPERTIES OF SEQUENTIAL ADSORPTION
               CLUSTERS},
    journal = {International Journal of Modern Physics C},
    volume  = {24},
    number  = {06},
    pages   = {1350031},
    year    = {2013},
}


@book{Fermi1956,
    title     = {Thermodynamics},
    author    = {Fermi, E.},
    year      = {1956},
    publisher = {Dover Publications},
    address   = {New York}
}


@book{Shang2000,
   title     = {Modern theory of critical phenomena},
   author    = {Shang-keng Ma},
   publisher = {Perseus Publishing},
   year      = {2000},
   series    = {Advanced book classics},
   address   = {New York},
}


@article{Kadanoff1967,
    title   = {Static Phenomena Near Critical Points: Theory and Experiment},
    author  = {KADANOFF, LEO P. and G\"OTZE, WOLFGANG and HAMBLEN, DAVID and
               HECHT, ROBERT and LEWIS, E. A. S. and PALCIAUSKAS, V. V. and RAYL, MARTIN
               and SWIFT, J. and ASPNES, DAVID and KANE, JOSEPH},
    journal = {Review of Modern Physics},
    volume  = {39},
    issue   = {2},
    pages   = {395--431},
    year    = {1967},
}


@article{Ahlers1974,
    title   = {Heat capacity of Fe${\mathrm{F}}_{2}$ near the antiferromagnetic
        transition},
    author  = {Ahlers, Guenter and Kornblit, Avinoam and Salamon, Myron B.},
    journal = {Physical Review B},
    volume  = {9},
    issue   = {9},
    pages   = {3932--3934},
    year    = {1974},
}


@article{Leveltsengers1974,
    title   = {From Van der Waals equation to the scaling laws},
    journal = {Physica},
    volume  = {73},
    number  = {1},
    pages   = {73 - 106},
    year    = {1974},
    author  = {J.M.H. Levelt Sengers},
}


@article{Ahlers1973,
    title   = {Thermodynamics and Experimental Tests of Static Scaling and
               Universality near the Superfluid Transition in
               ${\mathrm{He}}^{4}$ under Pressure},
    author  = {Ahlers, Guenter},
    journal = {Physical Review A},
    volume  = {8},
    issue   = {1},
    pages   = {530--568},
    year    = {1973},
}


@article{Heller1967,
    author  = {P Heller},
    title   = {Experimental investigations of critical phenomena},
    journal = {Reports on Progress in Physics},
    volume  = {30},
    number  = {2},
    pages   = {731},
    year    = {1967},
}
	

@article{Gonzalo1966,
    title     = {Critical Behavior of Ferroelectric Triglycine Sulfate},
    author    = {Gonzalo, J. A.},
    journal   = {Physical Review},
    volume    = {144},
    issue     = {2},
    pages     = {662--665},
    year      = {1966},
}


@inproceedings{Dietrich1966,
    title        = {Critical Neutron Scattering From Beta-Brass},
    author       = {Dietrich, OW and Als-Nielsen, J},
    booktitle    = {Critical Phenomena: Proceedings},
    volume       = {13},
    pages        = {144},
    year         = {1966},
    organization = {US Department of Commerce, National Bureau of Standards},
    address      = {Washington},
}


@article{Keesom1935,
    title   = {New measurements on the specific heat of liquid helium},
    journal = {Physica},
    volume  = {2},
    number  = {1},
    pages   = {557--572},
    year    = {1935},
    author  = {W.H. Keesom and A.P. Keesom},
}


@article{Guillou1977,
    title   = {Critical Exponents for the $n$-Vector Model in Three
               Dimensions from Field Theory},
    author  = {Le Guillou, J. C. and Zinn-Justin, J.},
    journal = {Physical Review Letters},
    volume  = {39},
    issue   = {2},
    pages   = {95--98},
    year    = {1977},
}


@article{Wilson1972,
    title   = {Critical Exponents in 3.99 Dimensions},
    author  = {Wilson, Kenneth G. and Fisher, Michael E.},
    journal = {Physical Review Letters},
    volume  = {28},
    issue   = {4},
    pages   = {240--243},
    year    = {1972},
}


@article{Kim1984,
    title    = {Experimental Determination of a Two-Dimensional Liquid-Vapor
                Critical-Point Exponent},
    author   = {Kim, H. K. and Chan, M. H. W.},
    journal  = {Physical Review Letters},
    volume   = {53},
    issue    = {2},
    pages    = {170--173},
    numpages = {0},
    year     = {1984},
}


@article{Hastings1970,
    author  = {HASTINGS, W. K.},
    title   = {Monte Carlo sampling methods using Markov chains and their
               applications},
    volume  = {57},
    number  = {1},
    pages   = {97-109},
    year    = {1970},
    journal = {Biometrika}
}


@article{Rushbrooke1963,
    author  = {Rushbrooke, G. S.},
    title   = {On the Thermodynamics of the Critical Region for the Ising
               Problem},
    journal = {The Journal of Chemical Physics},
    year    = {1963},
    volume  = {39},
    number  = {3},
    pages   = {842-843},
}


@article{Fisher1964,
    author  = {Fisher, Michael E.},
    title   = {Correlation Functions and the Critical Region of Simple Fluids},
    journal = {Journal of Mathematical Physics},
    year    = {1964},
    volume  = {5},
    number  = {7},
    pages   = {944-962},
}


@article{Griffiths1967,
    title   = {Thermodynamic Functions for Fluids and Ferromagnets near the
               Critical Point},
    author  = {Griffiths, Robert B.},
    journal = {Physical Review},
    volume  = {158},
    issue   = {1},
    pages   = {176--187},
    year    = {1967},
}

@book{Nishimori2011,
    title     = {Elements of Phase Transitions and Critical Phenomena},
    author    = {Hidetoshi Nishimori, Gerardo Ortiz},
    publisher = {Oxford University Press, USA},
    year      = {2011},
    series    = {Oxford Graduate Texts},
    address   = {Oxford},
}


@article{Pelissetto2002,
    title   = {Critical phenomena and renormalization-group theory},
    journal = {Physics Reports},
    volume  = {368},
    number  = {6},
    pages   = {549 - 727},
    year    = {2002},
    author  = {Andrea Pelissetto and Ettore Vicari},
}


@book{Domb1972,
    title     = {Phase transitions and critical phenomena},
    author    = {C Domb and J L Lebowitz},
    publisher = {Academic Press},
    year      = {1987},
    address   = {London},
    volume    = {11},
}

@article{Wilson2004,
    title   = {Red-green-blue model},
    author  = {Wilson, David B.},
    journal = {Physical Review E},
    volume  = {69},
    issue   = {3},
    pages   = {037105},
    year    = {2004},
}


@article{Newman2000,
    title   = {Efficient Monte Carlo Algorithm and High-Precision Results for
               Percolation},
    author  = {Newman, M. E. J. and Ziff, R. M.},
    journal = {Physical Review Letters},
    volume  = {85},
    issue   = {19},
    pages   = {4104--4107},
    year    = {2000},
}


@Article{Kesten1987,
    author  = {Kesten, Harry},
    title   = {Scaling relations for 2D-percolation},
    journal = {Communications in Mathematical Physics},
    year    = {1987},
    volume  = {109},
    number  = {1},
    pages   = {109--156},
}


@article {Achlioptas2009,
    author  = {Achlioptas, Dimitris and D{\textquoteright}Souza, Raissa M. and
               Spencer, Joel},
    title   = {Explosive Percolation in Random Networks},
    volume  = {323},
    number  = {5920},
    pages   = {1453--1455},
    year    = {2009},
    journal = {Science}
}


@article{Wilkinson1983,
    author  = {D Wilkinson and J F Willemsen},
    title   = {Invasion percolation: a new form of percolation theory},
    journal = {Journal of Physics A: Mathematical and General},
    volume  = {16},
    number  = {14},
    pages   = {3365},
    year    = {1983},
}


@article{Oikonomou2008,
    author  = {P Oikonomou and I Rushkin and I A Gruzberg and L P Kadanoff},
    title   = {Global properties of stochastic Loewner evolution driven by LÃ©vy
               processes},
    journal = {Journal of Statistical Mechanics: Theory and Experiment},
    volume  = {2008},
    number  = {01},
    pages   = {P01019},
    year    = {2008},
}

@article{Smirnov2001,
    title   = {Critical exponents for two-dimensional percolation},
    author  = {Smirnov, Stanislav and Werner, Wendelin},
    journal = {arXiv preprint math/0109120},
    year    = {2001}
}


@article{Fisher1991,
    title   = {Thermal fluctuations, quenched disorder, phase transitions, and
               transport in type-II superconductors},
    author  = {Fisher, Daniel S. and Fisher, Matthew P. A. and Huse, David A.},
    journal = {Physical Review B},
    volume  = {43},
    issue   = {1},
    pages   = {130--159},
    year    = {1991},
}


@article{Campostrini2006,
    title   = {Theoretical estimates of the critical exponents of the
               superfluid transition in $^{4}\mathrm{He}$ by lattice methods},
    author  = {Campostrini, Massimo and Hasenbusch, Martin and Pelissetto,
               Andrea and Vicari, Ettore},
    journal = {Physical Review B},
    volume  = {74},
    issue   = {14},
    pages   = {144506},
    year    = {2006},
}


@article{Wu1982,
    title   = {The Potts model},
    author  = {Wu, F. Y.},
    journal = {Review of Modern Physics},
    volume  = {54},
    issue   = {1},
    pages   = {235--268},
    year    = {1982},
}


@inproceedings{Istrail2000,
    author    = {Istrail, Sorin},
    title     = {Statistical Mechanics, Three-dimensionality and
                 NP-completeness: I. Universality of Intractability for the Partition
                 Function of the Ising Model Across Non-planar Surfaces},
    booktitle = {Proceedings of the Thirty-second Annual ACM Symposium on
                 Theory of Computing},
    series    = {STOC '00},
    year      = {2000},
    location  = {Portland, Oregon, USA},
    pages     = {87--96},
    publisher = {ACM},
    address   = {New York, NY, USA},
} 


@article{Peierls1936,
    author  = {Peierls,R.},
    title   = {On Ising's model of ferromagnetism},
    journal = {Mathematical Proceedings of the Cambridge Philosophical Society},
    volume  = {32},
    issue   = {03},
    year    = {1936},
    pages   = {477--481},
}


@book{Pathria1996,
    author    = {R K Pathria}, 
    title     = {Statistical Mechanics},
    publisher = {Elsevier},
    year      = {1996},
    edition   = {2nd},
    address   = {Oxford},
}


@article{Yang1952,
    title   = {The Spontaneous Magnetization of a Two-Dimensional Ising Model},
    author  = {Yang, C. N.},
    journal = {Physical Review},
    volume  = {85},
    issue   = {5},
    pages   = {808--816},
    year    = {1952},
}


@article{ElShowk2014,
    author  = {El-Showk, Sheer and Paulos, Miguel F. and Poland, David and
               Rychkov, Slava and Simmons-Duffin, David and Vichi, Alessandro},
    title   = {Solving the 3d Ising Model with the Conformal Bootstrap II.
               $c$-Minimization and Precise Critical Exponents},
    journal = {Journal of Statistical Physics},
    year    = {2014},
    volume  = {157},
    number  = {4},
    pages   = {869--914},
}
